@inproceedings{pak2010twitter,
  title={Twitter as a Corpus for Sentiment Analysis and Opinion Mining.},
  author={Pak, Alexander and Paroubek, Patrick},
  booktitle={LREC},
  year={2010}
}

@inproceedings{agarwal2011sentiment,
  title={Sentiment analysis of twitter data},
  author={Agarwal, Apoorv and Xie, Boyi and Vovsha, Ilia and Rambow, Owen and Passonneau, Rebecca},
  booktitle={Proceedings of the Workshop on Languages in Social Media},
  pages={30--38},
  year={2011},
  organization={Association for Computational Linguistics}
}